@article{lu1987energy,
  title={Energy Ecology (\textsc{I}): Introduction},
  author={Jianjian Lu},
  journal={Journal of Ecology},
  number={2},
  pages={63--67},
  year={1987}
}
@book{chen1988math,
  title={Mathematical Ecology Model and Research Method},
  author={Lansun Chen and Xinyu Song and Zhengyi Lu},
  year={1988},
  publisher={Science Publisher}
}
@article{kolokotrones2010curvature,
  title={Curvature in metabolic scaling},
  author={Kolokotrones, Tom and Savage, Van and Deeds, Eric J and Fontana, Walter},
  journal={Nature},
  volume={464},
  number={7289},
  pages={753},
  year={2010},
  publisher={Nature Publishing Group}
}
@article{tucker1973bird,
  title={Bird metabolism during flight: evaluation of a theory},
  author={Tucker, Vance A},
  journal={Journal of experimental biology},
  volume={58},
  number={3},
  pages={689--709},
  year={1973},
  publisher={The Company of Biologists Ltd}
}
@article{taylor1982energetics,
  title={Energetics and mechanics of terrestrial locomotion. I. Metabolic energy consumption as a function of speed and body size in birds and mammals},
  author={Taylor, C Richard and Heglund, Norman C and Maloiy, GM},
  journal={Journal of Experimental Biology},
  volume={97},
  number={1},
  pages={1--21},
  year={1982},
  publisher={The Company of Biologists Ltd}
}
@article{zhang1993porkinvestigation,
  title={Investigation of water content in pork},
  author={Fuming Zhang, Gongyi Sun and Zhen Lu},
  journal={Food Science},
  volume={1},
  pages={60--62},
  year={1993}
}
@misc{gameofthrones,
  author={David Benioff and D. B. Weiss},
  title={Game of Thrones,\textsc{S}02,\textsc{E}05}
}