@book{knuth1984texbook,
  title={The \TeX book},
  author={D. E. KNUTH},
  publisher={The American Mathematical Society and Addition-Wesley Publishing Company},
  year={1984-1986}
}
@book{lamport1994latex,
  title={LaTeX : a document preparation system: user's guide and reference manual},
  author={Lamport, Leslie},
  year={1994},
  publisher={Addison-wesley}
}
@misc{latexopensourcehouse,
  title={LaTeX Open Source House},
  howpublished={\url{http://www.latexstudio.net/}},
  note = {Accessed: 2019-01-21}
}
@misc{latexopensourcehouse1,
  title={LaTeX Open Source House},
  howpublished={\url{http://www.chinatex.org/}},
  note = {Accessed: 2019-01-21}
}  